
@article{arnaud_universal_2010,
	title = {The universal galaxy cluster pressure profile from a representative sample of nearby systems ({REXCESS}) and the {YSZ} – {M500} relation},
	volume = {517},
	copyright = {© ESO, 2010},
	issn = {0004-6361, 1432-0746},
	url = {https://www.aanda.org/articles/aa/abs/2010/09/aa13416-09/aa13416-09.html},
	doi = {10.1051/0004-6361/200913416},
	language = {en},
	urldate = {2019-02-21},
	journal = {Astronomy \& Astrophysics},
	author = {Arnaud, M. and Pratt, G. W. and Piffaretti, R. and Böhringer, H. and Croston, J. H. and Pointecouteau, E.},
	month = jul,
	year = {2010},
	pages = {A92},
	file = {Full Text PDF:/Users/keruzore/Zotero/storage/GYVGTWP6/Arnaud et al. - 2010 - The universal galaxy cluster pressure profile from.pdf:application/pdf;Snapshot:/Users/keruzore/Zotero/storage/GMSF4B6N/aa13416-09.html:text/html}
}

@article{nagai_effects_2007,
	title = {Effects of {Galaxy} {Formation} on {Thermodynamics} of the {Intracluster} {Medium}},
	volume = {668},
	issn = {0004-637X},
	url = {https://doi.org/10.1086%2F521328},
	doi = {10.1086/521328},
	language = {en},
	number = {1},
	urldate = {2019-02-21},
	journal = {The Astrophysical Journal},
	author = {Nagai, Daisuke and Kravtsov, Andrey V. and Vikhlinin, Alexey},
	month = oct,
	year = {2007},
	pages = {1--14},
	file = {IOP Full Text PDF:/Users/keruzore/Zotero/storage/84CUVWJP/Nagai et al. - 2007 - Effects of Galaxy Formation on Thermodynamics of t.pdf:application/pdf}
}

@phdthesis{ruppin_cosmologie_2018,
	type = {{PhD} {Thesis}},
	title = {Cosmologie via les observations d'amas de galaxies par effet {Sunyaev}-{Zel}'dovich avec {NIKA2}},
	url = {https://tel.archives-ouvertes.fr/tel-01978797/document},
	language = {fr},
	urldate = {2019-02-21},
	school = {Université Grenoble Alpes},
	author = {Ruppin, Florian},
	month = sep,
	year = {2018},
	file = {Full Text PDF:/Users/keruzore/Zotero/storage/ESH5ZRLT/Ruppin - 2018 - Cosmologie via les observations d'amas de galaxies.pdf:application/pdf;Snapshot:/Users/keruzore/Zotero/storage/TQHHXSQK/tel-01978797.html:text/html}
}

@article{romero_multi-instrument_2018,
	title = {A multi-instrument non-parametric reconstruction of the electron pressure profile in the galaxy cluster {CLJ1226}.9+3332},
	volume = {612},
	copyright = {© ESO 2018},
	issn = {0004-6361, 1432-0746},
	url = {https:/articles/aa/abs/2018/04/aa31599-17/aa31599-17.html},
	doi = {10.1051/0004-6361/201731599},
	language = {en},
	urldate = {2019-03-13},
	journal = {Astronomy \& Astrophysics},
	author = {Romero, C. and McWilliam, M. and Macías-Pérez, J.-F. and Adam, R. and Ade, P. and André, P. and Aussel, H. and Beelen, A. and Benoît, A. and Bideaud, A. and Billot, N. and Bourrion, O. and Calvo, M. and Catalano, A. and Coiffard, G. and Comis, B. and Petris, M. de and Désert, F.-X. and Doyle, S. and Goupy, J. and Kramer, C. and Lagache, G. and Leclercq, S. and Lestrade, J.-F. and Mauskopf, P. and Mayet, F. and Monfardini, A. and Pascale, E. and Perotto, L. and Pisano, G. and Ponthieu, N. and Revéret, V. and Ritacco, A. and Roussel, H. and Ruppin, F. and Schuster, K. and Sievers, A. and Triqueneaux, S. and Tucker, C. and Zylka, R.},
	month = apr,
	year = {2018},
	pages = {A39},
	file = {Full Text PDF:/Users/keruzore/Zotero/storage/8FUI338B/Romero et al. - 2018 - A multi-instrument non-parametric reconstruction o.pdf:application/pdf;Snapshot:/Users/keruzore/Zotero/storage/K8A5AAD4/aa31599-17.html:text/html}
}

@article{planck_collaboration_planck_2013,
	title = {Planck intermediate results - {V}. {Pressure} profiles of galaxy clusters from the {Sunyaev}-{Zeldovich} effect},
	volume = {550},
	copyright = {© ESO, 2013},
	issn = {0004-6361, 1432-0746},
	url = {https://www.aanda.org/articles/aa/abs/2013/02/aa20040-12/aa20040-12.html},
	doi = {10.1051/0004-6361/201220040},
	language = {en},
	urldate = {2019-08-29},
	journal = {Astronomy \& Astrophysics},
	author = {Planck Collaboration et al.},
	month = feb,
	year = {2013},
	pages = {A131},
	file = {Full Text PDF:/Users/keruzore/Zotero/storage/3QHD5C84/Ade et al. - 2013 - Planck intermediate results - V. Pressure profiles.pdf:application/pdf;Snapshot:/Users/keruzore/Zotero/storage/KYM8JH74/aa20040-12.html:text/html}
}

@article{foreman-mackey_emcee_2019,
	title = {emcee v3: {A} {Python} ensemble sampling toolkit for affine-invariant {MCMC}},
	shorttitle = {emcee v3},
	url = {https://ui.adsabs.harvard.edu/abs/2019arXiv191107688F/abstract},
	language = {en},
	urldate = {2019-11-19},
	journal = {arXiv e-prints},
	author = {Foreman-Mackey, Daniel and Farr, Will M. and Sinha, Manodeep and Archibald, Anne M. and Hogg, David W. and Sanders, Jeremy S. and Zuntz, Joe and Williams, Peter K. G. and Nelson, Andrew R. J. and de Val-Borro, Miguel and Erhardt, Tobias and Pashchenko, Ilya and Abril Pla, Oriol},
	month = nov,
	year = {2019},
	pages = {arXiv:1911.07688},
	file = {Full Text PDF:/Users/keruzore/Zotero/storage/IS3228ZQ/Foreman-Mackey et al. - 2019 - emcee v3 A Python ensemble sampling toolkit for a.pdf:application/pdf;Snapshot:/Users/keruzore/Zotero/storage/B7JT4ZUG/abstract.html:text/html}
}

@article{mayet_cluster_2020,
	title = {Cluster cosmology with the {NIKA2} {SZ} {Large} {Program}},
	volume = {228},
	copyright = {© The Authors, published by EDP Sciences, 2020},
	issn = {2100-014X},
	url = {https://www.epj-conferences.org/articles/epjconf/abs/2020/04/epjconf_mmuniverse2019_00017/epjconf_mmuniverse2019_00017.html},
	doi = {10.1051/epjconf/202022800017},
	language = {en},
	urldate = {2020-05-23},
	journal = {EPJ Web of Conferences},
	author = {Mayet, F. and Adam, R. and Ade, P. and André, P. and Andrianasolo, A. and Arnaud, M. and Aussel, H. and Bartalucci, I. and Beelen, A. and Benoît, A. and Bideaud, A. and Bourrion, O. and Calvo, M. and Catalano, A. and Comis, B. and Petris, M. De and Désert, F.-X. and Doyle, S. and Driessen, E. F. C. and Gomez, A. and Goupy, J. and Kéruzoré, F. and Kramer, C. and Ladjelate, B. and Lagache, G. and Leclercq, S. and Lestrade, J.-F. and Macías-Pérez, J. F. and Mauskopf, P. and Monfardini, A. and Perotto, L. and Pisano, G. and Pointecouteau, E. and Ponthieu, N. and Pratt, G. W. and Revéret, V. and Ritacco, A. and Romero, C. and Roussel, H. and Ruppin, F. and Schuster, K. and Shu, S. and Sievers, A. and Tucker, C. and Zylka, R.},
	year = {2020},
	note = {Publisher: EDP Sciences},
	pages = {00017},
	file = {Full Text PDF:/Users/keruzore/Zotero/storage/DTXW6RIM/Mayet et al. - 2020 - Cluster cosmology with the NIKA2 SZ Large Program.pdf:application/pdf;Snapshot:/Users/keruzore/Zotero/storage/69VDSKED/epjconf_mmuniverse2019_00017.html:text/html}
}

@article{ruppin_unveiling_2020,
	title = {Unveiling the {Merger} {Dynamics} of the {Most} {Massive} {MaDCoWS} {Cluster} at z = 1.2 from a {Multiwavelength} {Mapping} of {Its} {Intracluster} {Medium} {Properties}},
	volume = {893},
	issn = {0004-637X},
	url = {https://doi.org/10.3847%2F1538-4357%2Fab8007},
	doi = {10.3847/1538-4357/ab8007},
	language = {en},
	number = {1},
	urldate = {2020-05-23},
	journal = {The Astrophysical Journal},
	author = {Ruppin, F. and McDonald, M. and Brodwin, M. and Adam, R. and Ade, P. and André, P. and Andrianasolo, A. and Arnaud, M. and Aussel, H. and Bartalucci, I. and Bautz, M. W. and Beelen, A. and Benoît, A. and Bideaud, A. and Bourrion, O. and Calvo, M. and Catalano, A. and Comis, B. and Decker, B. and Petris, M. De and Désert, F.-X. and Doyle, S. and Driessen, E. F. C. and Eisenhardt, P. R. M. and Gomez, A. and Gonzalez, A. H. and Goupy, J. and Kéruzoré, F. and Kramer, C. and Ladjelate, B. and Lagache, G. and Leclercq, S. and Lestrade, J.-F. and Macías-Pérez, J. F. and Mauskopf, P. and Mayet, F. and Monfardini, A. and Moravec, E. and Perotto, L. and Pisano, G. and Pointecouteau, E. and Ponthieu, N. and Pratt, G. W. and Revéret, V. and Ritacco, A. and Romero, C. and Roussel, H. and Schuster, K. and Shu, S. and Sievers, A. and Stanford, S. A. and Stern, D. and Tucker, C. and Zylka, R.},
	month = apr,
	year = {2020},
	note = {Publisher: American Astronomical Society},
	pages = {74},
	file = {IOP Full Text PDF:/Users/keruzore/Zotero/storage/9B5PI8PG/Ruppin et al. - 2020 - Unveiling the Merger Dynamics of the Most Massive .pdf:application/pdf}
}

@article{zhao_analytical_1996,
	title = {Analytical models for galactic nuclei},
	volume = {278},
	url = {http://adsabs.harvard.edu/abs/1996MNRAS.278..488Z},
	doi = {10.1093/mnras/278.2.488},
	urldate = {2020-07-30},
	journal = {Monthly Notices of the Royal Astronomical Society},
	author = {Zhao, Hongsheng},
	month = jan,
	year = {1996},
	keywords = {CELESTIAL MECHANICS, GALAXIES: KINEMATICS AND DYNAMICS, GALAXIES: NUCLEI, METHODS: ANALYTICAL, STELLAR DYNAMICS},
	pages = {488--496},
	file = {Full Text PDF:/Users/keruzore/Zotero/storage/PRP3AJSK/Zhao - 1996 - Analytical models for galactic nuclei.pdf:application/pdf}
}

@article{keruzore_exploiting_2020,
	title = {Exploiting {NIKA2}/{XMM}-{Newton} imaging synergy for intermediate mass, high-\$z\$ galaxy clusters within the {NIKA2} {SZ} {Large} {Program}},
	volume = {2009},
	url = {http://adsabs.harvard.edu/abs/2020arXiv200902563K},
	urldate = {2020-09-11},
	journal = {arXiv e-prints},
	author = {Kéruzoré, F. and Mayet, F. and Pratt, G. W. and Adam, R. and Ade, P. and André, P. and Andrianasolo, A. and Arnaud, M. and Aussel, H. and Bartalucci, I. and Beelen, A. and Benoît, A. and Berta, S. and Bourrion, O. and Calvo, M. and Catalano, A. and De Petris, M. and Désert, F.-X. and Doyle, S. and Driessen, E. F. C. and Gomez, A. and Goupy, J. and Kramer, C. and Ladjelate, B. and Lagache, G. and Leclercq, S. and Lestrade, J.-F. and Macías-Pérez, J. F. and Mauskopf, P. and Monfardini, A. and Perotto, L. and Pisano, G. and Pointecouteau, E. and Ponthieu, N. and Revéret, V. and Ritacco, A. and Romero, C. and Roussel, H. and Ruppin, F. and Schuster, K. and Shu, S. and Sievers, A. and Tucker, C.},
	month = sep,
	year = {2020},
	keywords = {Astrophysics - Cosmology and Nongalactic Astrophysics},
	pages = {arXiv:2009.02563},
	file = {Full Text PDF:/Users/keruzore/Zotero/storage/GAYWN3ZV/Kéruzoré et al. - 2020 - Exploiting NIKA2XMM-Newton imaging synergy for in.pdf:application/pdf}
}

@article{gelman_inference_1992,
	title = {Inference from {Iterative} {Simulation} {Using} {Multiple} {Sequences}},
	volume = {7},
	url = {http://adsabs.harvard.edu/abs/1992StaSc...7..457G},
	doi = {10.1214/ss/1177011136},
	urldate = {2020-09-16},
	journal = {Statistical Science},
	author = {Gelman, Andrew and Rubin, Donald B.},
	year = {1992},
	pages = {457--472},
	file = {Full Text:/Users/keruzore/Zotero/storage/GW9P3J6T/Gelman and Rubin - 1992 - Inference from Iterative Simulation Using Multiple.pdf:application/pdf}
}

@misc{hans_dembinski_scikit-hepiminuit_2020,
	title = {scikit-hep/iminuit: v1.4.9},
	shorttitle = {scikit-hep/iminuit},
	url = {https://zenodo.org/record/3951328},
	abstract = {See https://iminuit.readthedocs.io/en/stable/changelog.html.},
	urldate = {2020-09-16},
	publisher = {Zenodo},
	author = {Hans Dembinski and Piti Ongmongkolkul and Christoph Deil and David Menéndez Hurtado and Matthew Feickert and Henry Schreiner and Andrew and Chris Burr and Fabian Rost and Alex Pearce and Lukas Geiger and Bernhard M. Wiedemann and Omar  Zapata},
	month = jul,
	year = {2020},
	doi = {10.5281/zenodo.3951328},
	file = {Zenodo Snapshot:/Users/keruzore/Zotero/storage/MXY7AQ2H/3951328.html:text/html}
}

@misc{f_keruzore_pstools_2019,
	title = {{PSTools}: {A} toolbox for the estimation of the contamination by sub-millimeter galaxies in {NIKA2} galaxy cluster observations},
	author = {{F. Kéruzoré} and {F. Mayet} and {L. Perotto} and {J.-F. Macías-Pérez}},
	year = {2019}
}
